@InProceedings{Schiavone2018,
  author    = {Pasquale Davide Schiavone and Davide Rossi and Antonio Pullini and Alfio Di Mauro and Francesco Conti and Luca Benini},
  booktitle = {2018 {IEEE} {SOI}-3D-Subthreshold Microelectronics Technology Unified Conference (S3S)},
  title     = {Quentin: an Ultra-Low-Power {PULPissimo} {SoC} in 22nm {FDX}},
  year      = {2018},
  month     = {oct},
  publisher = {{IEEE}},
  doi       = {10.1109/s3s.2018.8640145},
}

@Misc{pulp,
  howpublished = {\url{https://www.pulp-platform.org/}},
  note         = {Accessed March 7, 2022},
  title        = {Pulp Platform Website},
}

@Misc{hwpe,
  howpublished = {\url{https://hwpe-doc.readthedocs.io/en/latest/protocols.html}},
  note         = {Accessed March 7, 2022},
  title        = {Hardware Processing Engines - Interface Specification},
}

@Misc{hwpe-mac,
  howpublished = {\url{https://github.com/pulp-platform/hwpe-mac-engine}},
  note         = {Accessed March 7, 2022},
  title        = {Hardware {MAC} Engine Repository},
}

@Misc{pulpissimo,
  howpublished = {\url{https://github.com/pulp-platform/pulpissimo}},
  note         = {Accessed March 7, 2022},
  title        = {{PULPissimo} Repository},
}

@Misc{tiny-aes,
  howpublished = {\url{https://opencores.org/projects/tiny_aes}},
  note         = {Accessed March 7, 2022},
  title        = {tiny\_aes {IP} core},
}

@Misc{aes-128,
  howpublished = {\url{https://github.com/www-asics-ws/aes_128}},
  note         = {Accessed March 7, 2022},
  title        = {aes\_128 {IP} core},
}

@Misc{secworks-aes,
  howpublished = {\url{https://github.com/secworks/aes}},
  note         = {Accessed March 7, 2022},
  title        = {Secworks {AES} {IP} core},
}

@Misc{tiny-aes-c,
  howpublished = {\url{https://github.com/kokke/tiny-AES-c}},
  note         = {Accessed March 7, 2022},
  title        = {Tiny {AES} in {C} repository},
}

@Misc{wiki_cbc,
  author       = {WhiteTimberwolf},
  howpublished = {\url{https://commons.wikimedia.org/wiki/File:CBC_encryption.svg}},
  note         = {Accessed July 26, 2022},
  title        = {{Encryption using the Cipher Block Chaining ({CBC}) mode}},
}


@Misc{pulp-chips,
  howpublished = {\url{https://iis-projects.ee.ethz.ch/index.php/PULP}},
  note         = {Accessed October 18, 2022},
  title        = {{PULP} - An Open Parallel Ultra-Low-Power Processing-Platform},
}

@Misc{NIST,
  author       = {Morris Dworkin},
  howpublished = {\url{https://nvlpubs.nist.gov/nistpubs/Legacy/SP/nistspecialpublication800-38a.pdf}},
  title        = {Recommendation for Block Cipher Modes of Operation - Methods and Techniques},
  year      = {2001},
  month     = {dec},
}



@Comment{jabref-meta: databaseType:bibtex;}
